@article{barabasi2003scale,
  title={Scale-Free},
  author={BARAB{\'A}SI, BY ALBERT-L{\'A}SZL{\'O} and Bonabeau, Eric},
  journal={Scientific American},
  year={2003}
}
